<record><leader>00000cas a22000007a 4500</leader><controlfield tag="001">11279880</controlfield><controlfield tag="008">841018d18211825ohuwr ne      0    0eng d</controlfield><datafield ind1=" " ind2=" " tag="010"><subfield code="a">sn 84028634 </subfield></datafield><datafield ind1=" " ind2=" " tag="040"><subfield code="a">NPY</subfield><subfield code="b">eng</subfield><subfield code="c">NPY</subfield><subfield code="d">NPX</subfield><subfield code="d">DLC</subfield><subfield code="d">ONP</subfield><subfield code="d">OCL</subfield><subfield code="d">OCLCF</subfield><subfield code="d">OCLCO</subfield><subfield code="d">NDD</subfield></datafield><datafield ind1=" " ind2=" " tag="042"><subfield code="a">msc</subfield></datafield><datafield ind1="0" ind2="0" tag="050"><subfield code="a">Newspaper 9290</subfield></datafield><datafield ind1="0" ind2="0" tag="245"><subfield code="a">Ohio monitor &amp; patron of industry.</subfield></datafield><datafield ind1="1" ind2="0" tag="246"><subfield code="a">Ohio monitor and patron of industry</subfield></datafield><datafield ind1="1" ind2="0" tag="246"><subfield code="a">Ohio monitor</subfield></datafield><datafield ind1=" " ind2=" " tag="260"><subfield code="a">Columbus, Ohio :</subfield><subfield code="b">David Smith,</subfield><subfield code="c">1821-1825.</subfield></datafield><datafield ind1=" " ind2=" " tag="300"><subfield code="a">v.</subfield></datafield><datafield ind1=" " ind2=" " tag="310"><subfield code="a">Weekly</subfield></datafield><datafield ind1="0" ind2=" " tag="362"><subfield code="a">New ser., v. 1, no. 1 (July 28, 1821)-new ser., v. 4, no. 52 (Nov. 12, 1825).</subfield></datafield><datafield ind1=" " ind2=" " tag="515"><subfield code="a">Vols. for July 28, 1821-Nov. 12, 1825 called also whole no. 261-468; these vols. also carry, in addition to new series vol. numbering, the numbering system of the previous title, Ohio monitor.</subfield></datafield><datafield ind1=" " ind2=" " tag="515"><subfield code="a">Issues for Jan. 31-Feb. 7, 1824 lack year on masthead; other numbering irregularities.</subfield></datafield><datafield ind1=" " ind2="0" tag="651"><subfield code="a">Columbus (Ohio)</subfield><subfield code="v">Newspapers.</subfield></datafield><datafield ind1=" " ind2="0" tag="651"><subfield code="a">Franklin County (Ohio)</subfield><subfield code="v">Newspapers.</subfield></datafield><datafield ind1=" " ind2="7" tag="651"><subfield code="a">Ohio</subfield><subfield code="z">Columbus.</subfield><subfield code="2">fast</subfield><subfield code="0">(OCoLC)fst01205076</subfield></datafield><datafield ind1=" " ind2="7" tag="651"><subfield code="a">Ohio</subfield><subfield code="z">Franklin County.</subfield><subfield code="2">fast</subfield><subfield code="0">(OCoLC)fst01209686</subfield></datafield><datafield ind1=" " ind2="7" tag="655"><subfield code="a">Newspapers.</subfield><subfield code="2">fast</subfield><subfield code="0">(OCoLC)fst01423814</subfield></datafield><datafield ind1=" " ind2=" " tag="752"><subfield code="a">United States</subfield><subfield code="b">Ohio</subfield><subfield code="c">Franklin</subfield><subfield code="d">Columbus.</subfield></datafield><datafield ind1="0" ind2="0" tag="780"><subfield code="t">Ohio monitor (Columbus, Ohio : 1816)</subfield><subfield code="w">(DLC)sn 84024173</subfield><subfield code="w">(OCoLC)2639870</subfield></datafield><datafield ind1="0" ind2="0" tag="785"><subfield code="t">Ohio monitor (Columbus, Ohio : 1825)</subfield><subfield code="w">(DLC)sn 84028635</subfield><subfield code="w">(OCoLC)11279965</subfield></datafield><datafield ind1="1" ind2=" " tag="029"><subfield code="a">AU@</subfield><subfield code="b">000020121368</subfield></datafield></record>